@online{favikon2025orosz,
  author = {{Favikon}},
  title = {Who is Gergely Orosz? | B2B Influencer},
  year = {2025},
  url = {https://www.favikon.com/blog/who-is-gergely-orosz-b2b-influencer},
  note = {Accessed: April 14, 2025}
}

@online{orosz2025bloggingfordevs,
  author = {{Blogging for Devs}},
  title = {Start Writing Tech Content That Gets You Noticed with Gergely Orosz},
  year = {2025},
  url = {https://bloggingfordevs.com/gergely-orosz-interview/},
  note = {Accessed: April 20, 2025}
}

@online{runcloud2025worlds,
  author = {{RunCloud}},
  title = {The World's 21 Best Newsletters For Developers},
  year = {2025},
  url = {https://runcloud.io/blog/best-newsletters-for-developers},
  note = {Accessed: April 11, 2025}
}

@online{ctoclub2025swe,
  author = {{The CTO Club}},
  title = {18 Must-Subscribe Software Engineering Newsletters for 2025},
  year = {2025},
  url = {https://thectoclub.com/news/best-software-engineering-newsletters/},
  note = {Accessed: April 25, 2025}
}

@online{devto2025newsletters,
  author = {{DEV Community}},
  title = {7 Must-Read Tech Newsletters for Software Engineers},
  year = {2025},
  url = {https://dev.to/bigtechdigest/7-must-read-tech-newsletters-for-software-engineers-234b},
  note = {Accessed: April 17, 2025}
}

@online{shekhar2025distributedsystems,
  author = {Shekhar},
  title = {Distributed Systems Newsletter},
  year = {2025},
  url = {https://distributedsystems.substack.com/},
  note = {Accessed: April 22, 2025}
}

@online{gulati2025page23,
  author = {Shekhar Gulati},
  title = {Page 23 – Writings on Software Engineering ...},
  year = {2025},
  url = {https://shekhargulati.com/page/23/},
  note = {Accessed: April 13, 2025}
}

@online{atchison2025softwareinsights,
  author = {Lee Atchison},
  title = {Welcome to Software Architecture Insights},
  year = {2025},
  url = {https://softwarearchitectureinsights.com/},
  note = {Accessed: April 19, 2025}
}

@online{niklas2025substack,
  author = {Kai Niklas},
  title = {Thoughts on Software Architecture},
  year = {2025},
  url = {https://kniklas.substack.com/},
  note = {Accessed: April 24, 2025}
}

@online{orosz2025jellypod,
  author = {{Jellypod}},
  title = {The Pragmatic Engineer: The \#1 Software Eng Newsletter},
  year = {2025},
  url = {https://jellypod.ai/blog/the-pragmatic-engineer},
  note = {Accessed: April 16, 2025}
}

@online{orosz2025pragmaticwebsite,
  author = {Gergely Orosz},
  title = {The Pragmatic Engineer},
  year = {2025},
  url = {https://www.pragmaticengineer.com/},
  note = {Accessed: April 12, 2025}
}

@online{orosz2025substack,
  author = {Gergely Orosz},
  title = {Gergely Orosz - Substack},
  year = {2025},
  url = {https://substack.com/@pragmaticengineer},
  note = {Accessed: April 26, 2025}
}

@online{ctoclub2025prognews,
  author = {{The CTO Club}},
  title = {19 Best Programming Newsletters to Subscribe to in 2025},
  year = {2025},
  url = {https://thectoclub.com/news/best-programming-newsletters/},
  note = {Accessed: April 18, 2025}
}

@online{griffiths2025casestudy,
  author = {Andy Griffiths},
  title = {Newsletter case study: The Pragmatic Engineer},
  year = {2025},
  url = {https://www.andygriffiths.co.uk/cn-9-the-pragmatic-engineer-case-study/},
  note = {Accessed: April 21, 2025}
}

@online{clickup2025newsletters,
  author = {{ClickUp}},
  title = {20 Essential Tech Newsletters to Keep You Updated},
  year = {2025},
  url = {https://clickup.com/blog/tech-newsletters/},
  note = {Accessed: April 15, 2025}
}

@online{shoutout2025orosz,
  author = {{Shoutout}},
  title = {The Pragmatic Engineer Newsletter Reviews},
  year = {2025},
  url = {https://shoutout.io/GergelyOrosz/},
  note = {Accessed: April 23, 2025}
}

@online{orosz2025bluesky,
  author = {Gergely Orosz},
  title = {Gergely Orosz (@gergely.pragmaticengineer.com) - Bluesky},
  year = {2025},
  url = {https://bsky.app/profile/gergely.pragmaticengineer.com},
  note = {Accessed: April 10, 2025}
}

@online{wearedevs2025newsletters,
  author = {{WeAreDevelopers}},
  title = {15 Newsletters Developers Should be Reading},
  year = {2025},
  url = {https://www.wearedevelopers.com/magazine/best-developer-newsletters},
  note = {Accessed: April 27, 2025}
}

@online{hackernewsletter2025,
  author = {Kale Davis},
  title = {Hacker Newsletter - The Hacker News Newsletter},
  year = {2025},
  url = {https://hackernewsletter.com/},
  note = {Accessed: April 19, 2025}
}

@online{pesto2024newsletters,
  author = {{Pesto Tech}},
  title = {Top 10 Newsletters Every Developer Should Subscribe To in 2024},
  year = {2024},
  url = {https://pesto.tech/resources/top-10-newsletters-every-developer-should-subscribe-to-in-2024},
  note = {Accessed: April 14, 2025}
}

@online{github2025devnewsletters,
  author = {Jack Bridger},
  title = {List of developer newsletters (and how to sponsor them)},
  year = {2025},
  url = {https://github.com/jackbridger/developer-newsletters},
  note = {Accessed: April 20, 2025}
}

@online{draftdev2025newsletters,
  author = {{Draft.dev}},
  title = {The Ultimate List of Developer Newsletters},
  year = {2025},
  url = {https://draft.dev/learn/the-ultimate-list-of-developer-newsletters},
  note = {Accessed: April 11, 2025}
}

@online{ellenbogen2025slw,
  author = {Oren Ellenbogen},
  title = {SoftwareLeadWeekly: A free weekly email for curious humans who ...},
  year = {2025},
  url = {https://softwareleadweekly.com/},
  note = {Accessed: April 25, 2025}
}

@online{ctoclub2025devnews,
  author = {{The CTO Club}},
  title = {20 Best Development Newsletters to Join in 2025},
  year = {2025},
  url = {https://thectoclub.com/development-devops/best-development-newsletters/},
  note = {Accessed: April 17, 2025}
}

@online{amanexplains2025newsletters,
  author = {{Aman Explains}},
  title = {Curated list of Newsletters to level up your coding skills},
  year = {2025},
  url = {https://amanexplains.com/a-list-of-newsletter-subscriptions-to-level-up-your-coding-skills/},
  note = {Accessed: April 22, 2025}
}

@online{codecademy2023newsletters,
  author = {{Codecademy}},
  title = {Best Coding \& Tech Newsletters for Developers in 2023},
  year = {2023},
  url = {https://www.codecademy.com/resources/blog/newsletters-for-tech-coding-news/},
  note = {Accessed: April 13, 2025}
}

@online{loggly2025newsletters,
  author = {{Loggly}},
  title = {47 Newsletters For Developers And Programmers},
  year = {2025},
  url = {https://www.loggly.com/blog/newsletters-for-developers-and-programmers/},
  note = {Accessed: April 19, 2025}
}

@online{cooperpress2025pubs,
  author = {{Cooperpress}},
  title = {Publications},
  year = {2025},
  url = {https://cooperpress.com/publications/},
  note = {Accessed: April 24, 2025}
}

@online{careerkarma2025jsnews,
  author = {{Career Karma}},
  title = {The Only List of Top JavaScript Newsletters You'll Ever Need},
  year = {2025},
  url = {https://careerkarma.com/blog/javascript-newsletters/},
  note = {Accessed: April 16, 2025}
}

@online{brainhub2025nodejsnews,
  author = {{Brainhub}},
  title = {10 Top Node.js Newsletters You Should Subscribe to in 2025},
  year = {2025},
  url = {https://brainhub.eu/library/best-node-js-newsletter},
  note = {Accessed: April 12, 2025}
}

@online{frontendfocus2025,
  author = {Chris Brandrick},
  title = {Frontend Focus},
  year = {2025},
  url = {https://frontendfoc.us/},
  note = {Accessed: April 26, 2025}
}

@online{cooperpress2025team,
  author = {{Cooperpress}},
  title = {Team},
  year = {2025},
  url = {https://cooperpress.com/team/},
  note = {Accessed: April 18, 2025}
}

@online{sitepoint2025devnews,
  author = {{SitePoint}},
  title = {Top 21 Developer Newsletters to Subscribe To in 2025},
  year = {2025},
  url = {https://www.sitepoint.com/developer-newsletters-to-subscribe/},
  note = {Accessed: April 21, 2025}
}

@online{javascriptweekly2025,
  author = {Peter Cooper and Axel Rauschmayer},
  title = {JavaScript Weekly: The JavaScript Email Newsletter},
  year = {2025},
  url = {https://javascriptweekly.com/},
  note = {Accessed: April 15, 2025}
}

@online{rauschmayer2025bio,
  author = {Axel Rauschmayer},
  title = {About the Author - Exploring JS},
  year = {2025},
  url = {https://exploringjs.com/es5/author_bios.html},
  note = {Accessed: April 23, 2025}
}

@online{cssweekly2025youtube,
  author = {{CSS Weekly}},
  title = {CSS Weekly - YouTube},
  year = {2025},
  url = {https://www.youtube.com/c/cssweekly},
  note = {Accessed: April 10, 2025}
}

@online{cssweekly2025site,
  author = {Zoran Jambor},
  title = {CSS Weekly — Weekly e-mail roundup of latest CSS articles, tutorials, tools and experiments},
  year = {2025},
  url = {https://css-weekly.com/},
  note = {Accessed: April 27, 2025}
}

@online{jambor2025zoransite,
  author = {Zoran Jambor},
  title = {Zoran Jambor – Frontend developer. Writer. Curator of CSS Weekly. Author of Inspiration Bits.},
  year = {2025},
  url = {https://zoranjambor.com/},
  note = {Accessed: April 14, 2025}
}

@online{golangweekly2025site,
  author = {Peter Cooper and Matt Cottingham},
  title = {Golang Weekly},
  year = {2025},
  url = {https://golangweekly.com/},
  note = {Accessed: April 20, 2025}
}

@online{pythonweekly2025main,
  author = {Rahul Chaudhary},
  title = {Python Weekly},
  year = {2025},
  url = {https://www.pythonweekly.com/},
  note = {Accessed: April 11, 2025}
}

@online{pythonweekly2025authors,
  author = {{Python Weekly}},
  title = {Authors - Python Weekly},
  year = {2025},
  url = {https://www.pythonweekly.com/authors},
  note = {Accessed: April 25, 2025}
}

@online{pythonweekly2025site,
  author = {Rahul Chaudhary},
  title = {Python Weekly},
  year = {2025},
  url = {https://pythonweekly.com/},
  note = {Accessed: April 17, 2025}
}

@online{nodeweekly2025ref,
  author = {Peter Cooper},
  title = {Node Weekly},
  year = {2025},
  url = {https://nodeweekly.com/?ref=blog.kolosek.com},
  note = {Accessed: April 22, 2025}
}

@online{nodeweekly2025site,
  author = {Peter Cooper},
  title = {Node Weekly},
  year = {2025},
  url = {https://nodeweekly.com/},
  note = {Accessed: April 13, 2025}
}

@online{shekhar2025about,
  author = {Shekhar},
  title = {About - Distributed Systems Newsletter},
  year = {2025},
  url = {https://distributedsystems.substack.com/about},
  note = {Accessed: April 19, 2025}
}

@online{shekhar2019intro,
  author = {Shekhar Gulati},
  title = {A simple introduction to distributed systems},
  year = {2019},
  month = {Jan},
  day = {12},
  url = {https://shekhargulati.com/2019/01/12/a-simple-introduction-to-distributed-systems/},
  note = {Accessed: April 24, 2025}
}

@online{shekhar2018servicediscovery,
  author = {Shekhar Gulati},
  title = {Service Discovery for Modern Distributed Applications},
  year = {2018},
  month = {Aug},
  day = {1},
  url = {https://shekhargulati.com/2018/08/01/week-1-service-discovery-for-modern-distributed-applications/},
  note = {Accessed: April 16, 2025}
}

@online{javaspecialists2025archive,
  author = {Heinz Kabutz},
  title = {Newsletter Hub Page - JavaSpecialists},
  year = {2025},
  url = {https://www.javaspecialists.eu/archive/},
  note = {Accessed: April 12, 2025}
}

@online{niklas2025about,
  author = {Kai Niklas},
  title = {About Me - Kai Niklas},
  year = {2025},
  url = {https://blog.kai-niklas.de/pages/about/},
  note = {Accessed: April 26, 2025}
}

@online{roadmapsh2025architect,
  author = {{Developer Roadmaps}},
  title = {Software Architect Keep learning},
  year = {2025},
  url = {https://roadmap.sh/pdfs/roadmaps/software-architect.pdf},
  note = {Accessed: April 18, 2025}
}

@online{niklas2025insights,
  author = {Kai Niklas},
  title = {38 Actions and Insights to Become a Better Software Architect},
  year = {2025},
  url = {https://blog.kai-niklas.de/posts/7-38-actions-and-insights-to-become-a-better-software-architect/},
  note = {Accessed: April 21, 2025}
}

@online{infoq2025newsletter,
  author = {{InfoQ}},
  title = {Software Architect Newsletter},
  year = {2025},
  url = {https://www.infoq.com/software-architects-newsletter/},
  note = {Accessed: April 15, 2025}
}

@online{golangweekly2025issue,
  author = {Peter Cooper and Matt Cottingham},
  title = {Golang Weekly Issue 549: April 9, 2025},
  year = {2025},
  url = {https://golangweekly.com/issues/549},
  note = {Accessed: April 23, 2025}
}

@online{wikipedia2025go,
  author = {{Wikipedia}},
  title = {Go (programming language)},
  year = {2025},
  url = {https://en.wikipedia.org/wiki/Go_(programming_language)},
  note = {Accessed: April 10, 2025}
}

@online{wikipedia2025guido,
  author = {{Wikipedia}},
  title = {Guido van Rossum},
  year = {2025},
  url = {https://en.wikipedia.org/wiki/Guido_van_Rossum},
  note = {Accessed: April 27, 2025}
}

@online{wikipedia2025nodejs,
  author = {{Wikipedia}},
  title = {Node.js},
  year = {2025},
  url = {https://en.wikipedia.org/wiki/Node.js},
  note = {Accessed: April 14, 2025}
}

@online{frontendfocus2025issue,
  author = {Chris Brandrick},
  title = {Frontend Focus Issue 585: March 22, 2023},
  year = {2023},
  url = {https://frontendfoc.us/issues/585},
  note = {Accessed: April 20, 2025}
}

@online{javascriptweekly2025issue,
  author = {Peter Cooper and Axel Rauschmayer},
  title = {JavaScript Weekly Issue 730: April 4, 2025},
  year = {2025},
  url = {https://javascriptweekly.com/issues/730},
  note = {Accessed: April 11, 2025}
}

@online{growthinreverse2025gergely,
  author = {{Growth in Reverse}},
  title = {How Gergely Orosz Built the \#1 Technology Newsletter in 3 Years},
  year = {2025},
  url = {https://growthinreverse.com/gergely/},
  note = {Accessed: April 25, 2025}
}